@article{BeckKKF13,
  author    = {Stephan Beck and
               Andr{\'{e}} Kunert and
               Alexander Kulik and
               Bernd Froehlich},
  title     = {Immersive Group-to-Group Telepresence},
  journal   = {{IEEE} Trans. Vis. Comput. Graph.},
  volume    = {19},
  number    = {4},
  pages     = {616--625},
  year      = {2013},
  doi       = {10.1109/TVCG.2013.33},
  timestamp = {Tue, 08 Dec 2020 17:05:12 +0100},
  biburl    = {https://dblp.org/rec/journals/tvcg/BeckKKF13.bib},
  bibsource = {dblp computer science bibliography, https://dblp.org}
}